@electronic{importance,
  author        = "Priya Chetty",
  title         = "Importance of prediction of income of customers to banks",
  url           = "http://www.projectguru.in/publications/importance-of-prediction-of-income-of-customers-to-banks/",
  year          = "2011"
}

@inproceedgins{bias,
  author = "Diana F. Gordon and Marie Desjardins",
  title = "Evaluation and Selection of Biases in Machine Learning",
  year = "1995",
  paper = "5-22"
}